@ONLINE{OpenCV Web Page,
title = {OpenCv Main Web Page},
month = mar,
year = {2012},
url = {http://opencv.willowgarage.com/wiki/}
}
